@article{Flechl:2014wfa,
      author         = "Flechl, Martin and Klees, Richard and Kramer, Michael and
                        Spira, Michael and Ubiali, Maria",
      title          = "{Improved cross-section predictions for heavy charged
                        Higgs boson production at the LHC}",
      journal        = "Phys. Rev.",
      volume         = "D91",
      year           = "2015",
      number         = "7",
      pages          = "075015",
      doi            = "10.1103/PhysRevD.91.075015",
      eprint         = "1409.5615",
      archivePrefix  = "arXiv",
      primaryClass   = "hep-ph",
      reportNumber   = "TTK-14-20, SLAC-PUB-16077, PSI-PR-14-10,
                        CAVENDISH-HEP-14-09, DAMTP-2014-54, --DAMTP-2014-54,
                        --DAMTP-2014-54",
      SLACcitation   = "%%CITATION = ARXIV:1409.5615;%%"
}
@article{Alwall:2014hca,
      author         = "Alwall, J. and Frederix, R. and Frixione, S. and Hirschi,
                        V. and Maltoni, F. and Mattelaer, O. and Shao, H. -S. and
                        Stelzer, T. and Torrielli, P. and Zaro, M.",
      title          = "{The automated computation of tree-level and
                        next-to-leading order differential cross sections, and
                        their matching to parton shower simulations}",
      journal        = "JHEP",
      volume         = "07",
      year           = "2014",
      pages          = "079",
      doi            = "10.1007/JHEP07(2014)079",
      eprint         = "1405.0301",
      archivePrefix  = "arXiv",
      primaryClass   = "hep-ph",
      reportNumber   = "CERN-PH-TH-2014-064, CP3-14-18, LPN14-066, MCNET-14-09,
                        ZU-TH-14-14",
      SLACcitation   = "%%CITATION = ARXIV:1405.0301;%%"
}
@article{Ball:2012cx,
      author         = "Ball, Richard D. and others",
      title          = "{Parton distributions with LHC data}",
      journal        = "Nucl. Phys.",
      volume         = "B867",
      year           = "2013",
      pages          = "244-289",
      doi            = "10.1016/j.nuclphysb.2012.10.003",
      eprint         = "1207.1303",
      archivePrefix  = "arXiv",
      primaryClass   = "hep-ph",
      reportNumber   = "EDINBURGH-2012-08, IFUM-FT-997, FR-PHENO-2012-014,
                        RWTH-TTK-12-25, CERN-PH-TH-2012-037, SFB-CPP-12-47",
      SLACcitation   = "%%CITATION = ARXIV:1207.1303;%%"
}
@techreport{ATL-PHYS-PUB-2014-021,
      title         = "{ATLAS Run 1 Pythia8 tunes}",
      institution   = "CERN",
      address       = "Geneva",
      number        = "ATL-PHYS-PUB-2014-021",
      month         = "Nov",
      year          = "2014",
      reportNumber  = "ATL-PHYS-PUB-2014-021",
      url           = "https://cds.cern.ch/record/1966419",
}
@article{Sjostrand:2000wi,
      author         = "Sjostrand, Torbjorn and Eden, Patrik and Friberg,
                        Christer and Lonnblad, Leif and Miu, Gabriela and Mrenna,
                        Stephen and Norrbin, Emanuel",
      title          = "{High-energy physics event generation with PYTHIA 6.1}",
      journal        = "Comput. Phys. Commun.",
      volume         = "135",
      year           = "2001",
      pages          = "238-259",
      doi            = "10.1016/S0010-4655(00)00236-8",
      eprint         = "hep-ph/0010017",
      archivePrefix  = "arXiv",
      primaryClass   = "hep-ph",
      reportNumber   = "LU-TP-00-30",
      SLACcitation   = "%%CITATION = HEP-PH/0010017;%%"
}
@article{Lai:2010vv,
      author         = "Lai, Hung-Liang and Guzzi, Marco and Huston, Joey and Li,
                        Zhao and Nadolsky, Pavel M. and Pumplin, Jon and Yuan, C.
                        -P.",
      title          = "{New parton distributions for collider physics}",
      journal        = "Phys. Rev.",
      volume         = "D82",
      year           = "2010",
      pages          = "074024",
      doi            = "10.1103/PhysRevD.82.074024",
      eprint         = "1007.2241",
      archivePrefix  = "arXiv",
      primaryClass   = "hep-ph",
      reportNumber   = "MSUHEP-100707, SMU-HEP-10-10",
      SLACcitation   = "%%CITATION = ARXIV:1007.2241;%%"
}
@article{Gao:2013xoa,
      author         = "Gao, Jun and Guzzi, Marco and Huston, Joey and Lai,
                        Hung-Liang and Li, Zhao and Nadolsky, Pavel and Pumplin,
                        Jon and Stump, Daniel and Yuan, C. -P.",
      title          = "{CT10 next-to-next-to-leading order global analysis of
                        QCD}",
      journal        = "Phys. Rev.",
      volume         = "D89",
      year           = "2014",
      number         = "3",
      pages          = "033009",
      doi            = "10.1103/PhysRevD.89.033009",
      eprint         = "1302.6246",
      archivePrefix  = "arXiv",
      primaryClass   = "hep-ph",
      reportNumber   = "SMU-HEP-12-23",
      SLACcitation   = "%%CITATION = ARXIV:1302.6246;%%"
}
@article{Nadolsky:2008zw,
      author         = "Nadolsky, Pavel M. and Lai, Hung-Liang and Cao, Qing-Hong
                        and Huston, Joey and Pumplin, Jon and Stump, Daniel and
                        Tung, Wu-Ki and Yuan, C. -P.",
      title          = "{Implications of CTEQ global analysis for collider
                        observables}",
      journal        = "Phys. Rev.",
      volume         = "D78",
      year           = "2008",
      pages          = "013004",
      doi            = "10.1103/PhysRevD.78.013004",
      eprint         = "0802.0007",
      archivePrefix  = "arXiv",
      primaryClass   = "hep-ph",
      reportNumber   = "MSUHEP-080125, UCRHEP-T447",
      SLACcitation   = "%%CITATION = ARXIV:0802.0007;%%"
}
@article{Skands:2010ak,
      author         = "Skands, Peter Zeiler",
      title          = "{Tuning Monte Carlo Generators: The Perugia Tunes}",
      journal        = "Phys. Rev.",
      volume         = "D82",
      year           = "2010",
      pages          = "074018",
      doi            = "10.1103/PhysRevD.82.074018",
      eprint         = "1005.3457",
      archivePrefix  = "arXiv",
      primaryClass   = "hep-ph",
      reportNumber   = "MCNET-10-08, CERN-PH-TH-2010-113",
      SLACcitation   = "%%CITATION = ARXIV:1005.3457;%%"
}
@article{Davidson:2010ew,
      author         = "Davidson, N. and Przedzinski, T. and Was, Z.",
      title          = "{PHOTOS Interface in C++: Technical and Physics
                        Documentation}",
      journal        = "Comput. Phys. Commun.",
      volume         = "199",
      year           = "2016",
      pages          = "86-101",
      doi            = "10.1016/j.cpc.2015.09.013",
      eprint         = "1011.0937",
      archivePrefix  = "arXiv",
      primaryClass   = "hep-ph",
      reportNumber   = "CERN-PH-TH-2010-261, IFJPAN-IV-2010-6",
      SLACcitation   = "%%CITATION = ARXIV:1011.0937;%%"
}

@article{Lange2001152,
	Author = {David J. Lange},
	Doi = {http://dx.doi.org/10.1016/S0168-9002(01)00089-4},
	Issn = {0168-9002},
	Journal = {Nuclear Instruments and Methods in Physics Research Section A: Accelerators, Spectrometers, Detectors and Associated Equipment},
	Keywords = {Event generator},
	Note = {BEAUTY2000, Proceedings of the 7th Int. Conf. on B-Physics at Hadron Machines},
	Number = {1--2},
	Pages = {152 - 155},
	Title = {The EvtGen particle decay simulation package},
	Url = {http://www.sciencedirect.com/science/article/pii/S0168900201000894},
	Volume = {462},
	Year = {2001},
	Bdsk-Url-1 = {http://www.sciencedirect.com/science/article/pii/S0168900201000894},
	Bdsk-Url-2 = {http://dx.doi.org/10.1016/S0168-9002(01)00089-4}
}
@article{Martin:2009bu,
      author         = "Martin, A. D. and Stirling, W. J. and Thorne, R. S. and
                        Watt, G.",
      title          = "{Uncertainties on alpha(S) in global PDF analyses and
                        implications for predicted hadronic cross sections}",
      journal        = "Eur. Phys. J.",
      volume         = "C64",
      year           = "2009",
      pages          = "653-680",
      doi            = "10.1140/epjc/s10052-009-1164-2",
      eprint         = "0905.3531",
      archivePrefix  = "arXiv",
      primaryClass   = "hep-ph",
      reportNumber   = "IPPP-09-33, DCPT-09-66, CAVENDISH-HEP-09-06",
      SLACcitation   = "%%CITATION = ARXIV:0905.3531;%%"
}
@article{Martin:2010db,
      author         = "Martin, A. D. and Stirling, W. J. and Thorne, R. S. and
                        Watt, G.",
      title          = "{Heavy-quark mass dependence in global PDF analyses and
                        3- and 4-flavour parton distributions}",
      journal        = "Eur. Phys. J.",
      volume         = "C70",
      year           = "2010",
      pages          = "51-72",
      doi            = "10.1140/epjc/s10052-010-1462-8",
      eprint         = "1007.2624",
      archivePrefix  = "arXiv",
      primaryClass   = "hep-ph",
      reportNumber   = "IPPP-10-29, DCPT-10-58, CAVENDISH-HEP-10-07,
                        CERN-PH-TH-2010-160",
      SLACcitation   = "%%CITATION = ARXIV:1007.2624;%%"
}
@article{Cowan:2010js,
      author         = "Cowan, Glen and Cranmer, Kyle and Gross, Eilam and
                        Vitells, Ofer",
      title          = "{Asymptotic formulae for likelihood-based tests of new
                        physics}",
      journal        = "Eur. Phys. J.",
      volume         = "C71",
      year           = "2011",
      pages          = "1554",
      doi            = "10.1140/epjc/s10052-011-1554-0,
                        10.1140/epjc/s10052-013-2501-z",
      note           = "[Erratum: Eur. Phys. J.C73,2501(2013)]",
      eprint         = "1007.1727",
      archivePrefix  = "arXiv",
      primaryClass   = "physics.data-an",
      SLACcitation   = "%%CITATION = ARXIV:1007.1727;%%"
}
@article{Aad:2015eia,
      author         = "Aad, Georges and others",
      title          = "{Differential top-antitop cross-section measurements as a
                        function of observables constructed from final-state
                        particles using pp collisions at $\sqrt{s}=7$ TeV in the
                        ATLAS detector}",
      collaboration  = "ATLAS",
      journal        = "JHEP",
      volume         = "06",
      year           = "2015",
      pages          = "100",
      doi            = "10.1007/JHEP06(2015)100",
      eprint         = "1502.05923",
      archivePrefix  = "arXiv",
      primaryClass   = "hep-ex",
      reportNumber   = "CERN-PH-EP-2014-295",
      SLACcitation   = "%%CITATION = ARXIV:1502.05923;%%"
}
  author         = "D0 Collaboration",
}
@misc{D0:ttBarFeyn,
  author = {D0 Collaboration},
  title = {{Useful diagrams of top signals and backgrounds}},
  note = {\url{http://www-d0.fnal.gov/Run2Physics/top/top_public_web_pages/top_feynman_diagrams.html}; accessed 1-September-2016},
  year = {2016}
}
@article{Buckley:2014ana,
      author         = "Buckley, Andy and Ferrando, James and Lloyd, Stephen and
                        Nordström, Karl and Page, Ben and Rüfenacht, Martin and
                        Schönherr, Marek and Watt, Graeme",
      title          = "{LHAPDF6: parton density access in the LHC precision
                        era}",
      journal        = "Eur. Phys. J.",
      volume         = "C75",
      year           = "2015",
      pages          = "132",
      doi            = "10.1140/epjc/s10052-015-3318-8",
      eprint         = "1412.7420",
      archivePrefix  = "arXiv",
      primaryClass   = "hep-ph",
      reportNumber   = "GLAS-PPE-2014-05, MCNET-14-29, IPPP-14-111, DCPT-14-222",
      SLACcitation   = "%%CITATION = ARXIV:1412.7420;%%"
}

