@Article{EPA,
     author   = "V. Budnev and I. Ginzburg and G. Meledin and V. Serbo",
     title     = "{The process $pp \rightarrow \gamma\gamma$; $pp 
                 \rightarrow e^+e^-$ and the possibility of its calculation 
                 by means of quantum electrodynamics only}",
     journal   = "Nucl. Phys.",
     volume    = "B63",
     year      = "1973",
     page      = "519-541"
}
@Article{EPA0,
     author    = "M-S. Chen and others",
     title     = "Lepton pair production from two-photon processes",
     journal   = "Phys. Rev.",
     volume    = "D7",
     year      = "1973",
     page      = "3485-3502"
}
@article{Budnev:1974de,
      author         = "Budnev, V. M. and Ginzburg, I. F. and Meledin, G. V. and
                        Serbo, V. G.",
      title          = "{The Two photon particle production mechanism. Physical
                        problems. Applications. Equivalent photon approximation}",
      journal        = "Phys. Rept.",
      volume         = "15",
      year           = "1975",
      pages          = "181-281",
      doi            = "10.1016/0370-1573(75)90009-5",
}
@Article{CDFgg,
     author    = " A. Abulencia and others",
     collaboration    = "CDF",
     title     = "{Observation of exclusive electron-positron production in
                 hadron-hadron collisions}",
     journal   = "Phys. Rev. Lett.",
     volume    = "98",
     year      = "2007",
     page      = "112001"
}

@article{Chekanov:2014fga,
      author         = "Chekanov, S.V.",
      title          = "{HepSim: a repository with predictions for high-energy physics experiments}", 
      year           = "2014",
      eprint         = "1403.1886",
      archivePrefix  = "arXiv",
      primaryClass   = "hep-ph",
      note           = {Available as \url{http://atlaswww.hep.anl.gov/hepsim/}}
}

@ARTICLE{2013arXiv1311.1229C,
   author = {Chekanov, S.V. and May, E. and Strand, K. and Van Gemmeren, P.},  
   title = "{{ProMC: Input-output data format for HEP applications using varint encoding}}",
   journal = {Comp. Phys. Comm},
   archivePrefix = "arXiv",
   eprint = {1311.1229},
   year = {2013},
   volume= {185},
   pages={2629},
   note= {Available as \url{http://promc.hepforge.org/}} 
}

@article{Dobbs:2001ck,
      author         = "Dobbs, Matt and Hansen, Jorgen Beck",
      title          = "{The HepMC C++ Monte Carlo event record for High Energy
                        Physics}",
      journal        = "Comput.Phys.Commun.",
      volume         = "134",
      pages          = "41-46",
      doi            = "10.1016/S0010-4655(00)00189-2",
      year           = "2001",
      reportNumber   = "ATL-SOFT-2000-001",
      SLACcitation   = "%%CITATION = CPHCB,134,41;%%",
}



@Article{STARgg,
     author    = "J. Adams and others",
     collaboration    = "STAR",
     title     = "{Production of $e^+e^-$ pairs accompanied by nuclear 
                  dissociation in ultra-peripheral heavy ion collisions}",
     journal   = "Phys. Rev.",
     volume    = "C70",
     year      = "2004",
     page      = "031902"
}
@Article{Hpp,
     author   = "M. Bahr and S. Gieseke and M. A. Gigg and D. Grellscheid
                 and K. Hamilton and O. Latunde-Dada and S. Platzer and 
                 P. Richardson",
     title     = "Herwig++ Physics and Manual",
     journal   = "Eur. Phys. J.",
     volume    = "C 58",
     year      = "2008",
     page      = "639"
}
@Article{Dyndal,
     author   = "M. Dyndal and L. Schoeffel",
     title     = "{The role of finite-size effect on the spectrum of 
            equivalent photons in photon-photon interactions in proton-proton 
            collisions at the LHC}",
     year      = "2015",
     journal   = "Phys. Lett",
     volume    = "B 741",
     page      = "66-70"
}
@Article{KepkaRoyon,
     author   = "O. Kepka and C. Royon",
     title     = "{Anomalous $WW\gamma$ coupling in photon-induced processes
                 using forward detectors at the LHC}",
     journal   = "Phys. Rev.",
     volume    = "D78",
     year      = "2008",
     page      = "073005"
}
@Article{Chapon,
     author    = "E. Chapon and C. Royon and O. Kepka",
     title     = "{Anomalous quartic $WW\gamma\gamma$, $ZZ\gamma\gamma$, and
                 trilinear $WW\gamma$ couplings in two-photon processes at
                 high luminosity at the LHC}",
     journal   = "Phys. Rev.",
     volume    = "D81",
     year      = "2010",
     page      = "074003"
}
@Article{LP,
     author   = "S. Baranov and O. Duenger and H. Shooshtari and 
                J. Vernaseren",
     title     = "{A generator for lepton pair production}",
     journal   = "Proc. Hamburg 1991, Physics at Hera",
     volume    = "3",
     year      = "1991",
     page      = "1478-1482"
}
@article{Vermaseren,
     author = "J.A.M. Vermaseren",
     title = "Two-photon processes at very high energies",
     journal = "Nuclear Physics B",
     volume = "229",
     number = "2",
     pages = "347 - 371",
     year = "1983",
     issn = "0550-3213",
     doi = "http://dx.doi.org/10.1016/0550-3213(83)90336-X",
     url = "http://www.sciencedirect.com/science/article/pii/055032138390336X",
}
@Article{CMSmumu,
     collaboration    = "CMS",
     title     = "{Exclusive photon-photon production of muon pairs in $pp$
                 collisions at $\sqrt{s} = 7$ TeV}",
     journal   = "JHEP",
     volume    = "01",
     year      = "2012",
     page      = "052",
     doi       = "10.1007/JHEP01 (2012) 052"
}
@Article{CMSee,
     collaboration    = "CMS",
     title     = "{Search for exclusive or simi-exclusive photon pair
                 production and observation of exclusive and semi-exclusive
                 electron pair production in $pp$ collisions at $\sqrt{s} = 7$
                 TeV}",
     journal   = "JHEP",
     volume    = "11",
     year      = "2012",
     page      = "080",
     doi       = "10.1007/JHEP11 (2012) 080"
}
Article{CMSWW,
     collaboration    = "CMS",
     title     = "Study of exclusive two-photon production of $W^+W^-$ in
                 $pp$ collisions at $\sqrt{s} = 7$ TeV and constraints on
                 anomalous couplings",
     year      = "2012",
     eprint    = "1305.5596",
     archivePrefix = "arXiv"
}
@article{CMSWW,
      author         = "Chatrchyan, Serguei and others",
      title          = "{Study of exclusive two-photon production of $W^+W^-$ in
                        $pp$ collisions at $\sqrt{s} = 7$ TeV and constraints on
                        anomalous quartic gauge couplings}",
      collaboration  = "CMS",
      journal        = "JHEP",
      volume         = "07",
      year           = "2013",
      pages          = "116",
      doi            = "10.1007/JHEP07(2013)116",
      eprint         = "1305.5596",
      archivePrefix  = "arXiv",
      primaryClass   = "hep-ex",
      reportNumber   = "CMS-FSQ-12-010, CERN-PH-EP-2013-084",
      SLACcitation   = "%%CITATION = ARXIV:1305.5596;%%"
}
@Techreport{CMSWW8,
     collaboration = "CMS",
     title     = "Evidence for exclusive gamma-gamma to $W^+W^-$ production
                 and constraints on Anomalous Quaetic Guage Couplings at
                 $\sqrt{s} = 8$ TeV",
     year      = "2015",
     number = "CMS-PAS-DSQ-13-008 (CMS preliminary)",
     note      ={Available as \url{http://cms-results.web.cern.ch/cms-results/public-results/preliminary-results/FSQ-13-008/index.html}}
}
@misc{SM18.7,
     authors    = "Mateusz Dyndal, Ferdinand Shenk, Jan Luetzschnar, and others",
     title     = "Standard Model Plenary Presentations",
     year      = "2013",
     howpublished = "Standard Model Workshop at Harvard" 
}
@techreport{sach-chen,
     author    = "J. F. Arguin and others",
     title     = "Search for strongly-produced superpartners in final states
                 with two same-sign leptons at $\sqrt{s} = 8$ TeV",
     year      = "2013",
     number    = "ATL-PHYS-INT-2013-005",
     month     = "March"
}
@article{fpmc,
     author    = "M. Boonekamp and A. Dechambre and V. Juranek and O. Kepka and M. Rangel and C. Royon and R. Staszewski",
     title     = "FPMC: a generator for forward physics",
     year      = "2011",
     eprint    = "1102.2531",                                                       
     archivePrefix = "arXiv"                                                    }
}
@techreport{MonteNote,
     author    = "Dyndal, Mateuz and Sauvan, E. and Przybycien, M. and 
                 Schoeffel, L.",
     title     = "Monte Carlo studies of two-photon production of muon pairs",
     year      = "2013",  
     number    = "ATL-COM-PHYS-2013-1479",           
     month     = "October"                   
}
@techreport{DyndalN,
     author    = "M. Dyndal and M. Przybycien and E. Sauvan and L. Schoeffel",
     title     = "{A Measurement of Exclusive $\gamma\gamma \rightarrow 
                 \ell^+\ell^-$ Production in Proton-Proton Collisions at 
                 $\sqrt{s} = 7$ TeV with the ATLAS Detector}",
     year      = "2014",
     number    =  "ATL-COM-PHYS-2014-1240",
     month     = "September"
}
@Article{ATLAS7,              
     collaboration    = "ATLAS",   
     title     = "{A Measurement of Exclusive $\gamma\gamma \rightarrow 
                 \ell^+\ell^-$ Production in Proton-Proton Collisions at 
                 $\sqrt{s} = 7$ TeV with the ATLAS Detector}",
     journal   = "Physics Letters",
     volume    = "B 749",
     year      = "2015", 
     page      = "242-261",                                                         doi       = "10.1016/jphysletb.2015.07/069",
     eprint    = "1506.07098",           
     archivePrefix = "arXiv"                                                   
}                                                                              
@techreport{mynote,
     author    = "L. Nodulman",
     title     = "The 8 TeV data can be used to look for exclusive QED production",
     year      = "2013",
     number    = "ATL-COM-PHYS-2013-1603",
     month     = "December"
}
@techreport{HSG3sn,
     author    = "Aben, R. and others",
     title     = "Supporting note: Nonimal H $\rightarrow WW \rightarrow 
                 \ell\nu\ell\nu$ analysis with 5.8 fb$^{-1}$ of data collected
                 with the ATLAS detector at $\sqrt{s} = 8$ TeV in 2012",
     year      = "2012",
     number    = "ATL-COM-PHYS-2012-875",
     month     = "December"
}
@article{Khoze,
      author         = "Khoze, V.A. and Martin, A.D. and Ryskin, M.G.",
      title          = "{Prospects for new physics observations in diffractive
                        processes at the LHC and Tevatron}",
      journal        = "Eur.Phys.J.",
      volume         = "C23",
      pages          = "311-327",
      doi            = "10.1007/s100520100884",
      year           = "2002",
      eprint         = "hep-ph/0111078",
      archivePrefix  = "arXiv",
      primaryClass   = "hep-ph",
      reportNumber   = "IPPP-01-53, DCPT-01-106",
      SLACcitation   = "%%CITATION = HEP-PH/0111078;%%",
}

@article{Cudell,
      author         = "Cudell, J.R. and Dechambre, A. and Hernandez, O.F. and
                        Ivanov, I.P.",
      title          = "{Central exclusive production of dijets at hadronic
                        colliders}",
      journal        = "Eur.Phys.J.",
      volume         = "C61",
      pages          = "369-390",
      doi            = "10.1140/epjc/s10052-009-0994-2",
      year           = "2009",
      eprint         = "0807.0600",
      archivePrefix  = "arXiv",
      primaryClass   = "hep-ph",
      SLACcitation   = "%%CITATION = ARXIV:0807.0600;%%",
}
@techreport{SMWW8TeV,
     author    = "Boline, D and Chen, K and Ebke, J and Feng, H and Gao, J
                  and Hall, D and Hassani, S and Hays, C and Hejbal, J and
                  Hobbs, J and Kepka, O and Liu, Y and Monnier, E and
                  Laporte, J-F and Lohwasser, K and Pleier, M-A and
                  R{\"a}ttich, F and Sommer, P and Tsionou, D and Wu, Y and
                  Xiao, M and Xu, L and Zeman, M and Zhao, Z and Zhou, B",
     title     = "{Measurement of the $WW$ Production Cross Section in
                   Proton-Proton Collisions at $\sqrt{s} =8$ TeV with the
                   ATLAS Detector}",
     year      = "2013",
     number    =  "ATL-COM-PHYS-2013-1450",
     month     = "October"
}
@techreport{Last,
     author    = "Feremenga, L and Chau, C. C. and Nodulman. L 
                  and Chekanov, S",
     title     = "{Search for diffractive Higgs production at 
                  8 TeV with ATLAS}",
     year      = "2015",
     number    = "ATL-xxx-2015-xxx",
     month     = "April"
}
@techreport{ElectronLLH,
      author        = "Alison, J and Brendlinger, K and Heim, S and Kroll, J and
                       Lester, C M",
      title         = "{Description and Performance of the Electron Likelihood
                       Tool at ATLAS using 2012 LHC Data}",
      institution   = "CERN",
      address       = "Geneva",
      number        = "ATL-COM-PHYS-2013-378",
      month         = "Apr",
      year          = "2013",
      url           = "https://cds.cern.ch/record/1537410",
}
%begin Last addition
@article{Aad2008zzm,
      author         = "Aad, G. and others",
      title          = "{The ATLAS Experiment at the CERN Large Hadron Collider}",
      collaboration  = "ATLAS",
      journal        = "JINST",
      volume         = "3",
      pages          = "S08003",
      doi            = "10.1088/1748-0221/3/08/S08003",
      year           = "2008",
      SLACcitation   = "%%CITATION = JINST,3,S08003;%%",
}
@article{pionPair,
      author         = "Staszewski, R. and Lebiedowicz, P. and Trzebinski, M. and
                        Chwastowski, J. and Szczurek, A.",
      title          = "{Exclusive $\pi^+\pi^-$ Production at the LHC with
                        Forward Proton Tagging}",
      journal        = "Acta Phys.Polon.",
      volume         = "B42",
      pages          = "1861-1870",
      doi            = "10.5506/APhysPolB.42.1861",
      year           = "2011",
      eprint         = "1104.3568",
      archivePrefix  = "arXiv",
      primaryClass   = "hep-ex",
}
@article{lumi,
			author = "ATLAS Collaboration",
			title = "{https://atlas-lumicalc.cern.ch/}"
}
@article{Aaltonen,
      author         = "Aaltonen, T. and others",
      title          = "{Search for exclusive $Z$ boson production and
                        observation of high mass $p\bar{p} \to \gamma \gamma \to
                        p+\ell\ell+\bar{p}$ events in $p\bar{p}$ collisions at
                        $\sqrt{s}$ = 1.96 TeV}",
      collaboration  = "CDF Collaboration",
      journal        = "Phys.Rev.Lett.",
      volume         = "102",
      pages          = "222002",
      doi            = "10.1103/PhysRevLett.102.222002",
      year           = "2009",
      eprint         = "0902.2816",
      archivePrefix  = "arXiv",
      primaryClass   = "hep-ex",
      reportNumber   = "FERMILAB-PUB-09-049-E",
}
@article{Dokshitzer1980269,
title = "Hard processes in quantum chromodynamics ",
journal = "Physics Reports ",
volume = "58",
number = "5",
pages = "269 - 395",
year = "1980",
note = "",
issn = "0370-1573",
doi = "http://dx.doi.org/10.1016/0370-1573(80)90043-5",
author = "Yu.L. Dokshitzer and D.I. Dyakonov and S.I. Troyan",
}
@article{Martin,
      author         = "Martin, Alan D. and Ryskin, M.G.",
      title          = "{Unintegrated generalized parton distributions}",
      journal        = "Phys.Rev.",
      volume         = "D64",
      pages          = "094017",
      doi            = "10.1103/PhysRevD.64.094017",
      year           = "2001",
      eprint         = "hep-ph/0107149",
      archivePrefix  = "arXiv",
      primaryClass   = "hep-ph",
      reportNumber   = "IPPP-01-31, DCPT-01-62",
}
@article{Hdijet,
      author         = "Khoze, Valery A. and Martin, Alan D. and Ryskin, M.G.",
      title          = "{Higgs or dijet production in double rapidity gap
                        events}",
      pages          = "592-595",
      year           = "2000",
      eprint         = "hep-ph/0006005",
      archivePrefix  = "arXiv",
      primaryClass   = "hep-ph",
}
@article{canLHC,
      author         = "Khoze, Valery A. and Martin, Alan D. and Ryskin, M.G.",
      title          = "{Can the Higgs be seen in rapidity gap events at the
                        Tevatron or the LHC?}",
      journal        = "Eur.Phys.J.",
      volume         = "C14",
      pages          = "525-534",
      doi            = "10.1007/s100520000359",
      year           = "2000",
      eprint         = "hep-ph/0002072",
      archivePrefix  = "arXiv",
      primaryClass   = "hep-ph",
      reportNumber   = "DTP-00-08",
}
@techreport{ATLASCONF2014060,
      title         = "{Observation and measurement of Higgs boson decays to
                       $WW^\ast$ with ATLAS at the LHC}",
      institution   = "CERN",
      address       = "Geneva",
      number        = "ATLAS-CONF-2014-060",
      month         = "Oct",
      year          = "2014",
}
@article{Aad2014rra,
      author         = "Aad, Georges and others",
      title          = "{Measurement of the muon reconstruction performance of
                        the ATLAS detector using 2011 and 2012 LHC proton-proton
                        collision data}",
      collaboration  = "ATLAS",
      journal        = "Eur.Phys.J.",
      number         = "11",
      volume         = "C74",
      pages          = "3130",
      doi            = "10.1140/epjc/s10052-014-3130-x",
      year           = "2014",
      eprint         = "1407.3935",
      archivePrefix  = "arXiv",
      primaryClass   = "hep-ex",
      reportNumber   = "CERN-PH-EP-2014-151",
      SLACcitation   = "%%CITATION = ARXIV:1407.3935;%%",
}
@misc{hwwNtuple,
	collaboration = "ATLAS",
	title = {HWWlvlvCode},
	year = {2014},
	publisher = {Subversion},
	journal = {Subversion Repository},
  howpublished = {\url{https://svnweb.cern.ch/trac/atlasoff/browser/PhysicsAnalysis/HiggsPhys/HSG3/WWDileptonAnalysisCode/HWWlvlvCode/trunk}},
}
@misc{caf,
	collaboration = "ATLAS",
	title = {HWWAnalysisCode},
	year = {2014},
	publisher = {Subversion},
	journal = {Subversion Repository},
  howpublished = {\url{https://svnweb.cern.ch/trac/atlasoff/browser/PhysicsAnalysis/HiggsPhys/HSG3/WWDileptonAnalysisCode/HWWAnalysisCode/trunk}},
}
@techreport{Cranmer:1456844,
      author        = "Cranmer, Kyle and Lewis, George and Moneta, Lorenzo and
                       Shibata, Akira and Verkerke, Wouter",
      title         = "{HistFactory: A tool for creating statistical models for
                       use with RooFit and RooStats}",
      institution   = "New York U.",
      collaboration = "ROOT Collaboration",
      address       = "New York",
      number        = "CERN-OPEN-2012-016",
      month         = "Jan",
      year          = "2012",
      reportNumber  = "CERN-OPEN-2012-016",
      url           = "https://cds.cern.ch/record/1456844",
}
@article{Aaltonen:2007hs,
      author         = "Aaltonen, T. and others",
      title          = "{Observation of Exclusive Dijet Production at the
                        Fermilab Tevatron $p^- \bar{p}$ Collider}",
      collaboration  = "CDF",
      journal        = "Phys.Rev.",
      volume         = "D77",
      pages          = "052004",
      doi            = "10.1103/PhysRevD.77.052004",
      year           = "2008",
      eprint         = "0712.0604",
      archivePrefix  = "arXiv",
      primaryClass   = "hep-ex",
      reportNumber   = "FERMILAB-PUB-07-647-E",
      SLACcitation   = "%%CITATION = ARXIV:0712.0604;%%",
}
@techreport{HSG3WorkingGroup:1702035,
      author        = "HSG3 Working Group, The",
      title         = "{Analysis of $H \to WW \to \ell\nu\ell\nu$ ggF and VBF
                       production modes with 20 fb$^{-1}$ and 5 fb$^{-1}$ of data
                       collected with the ATLAS detector at $\sqrt{s}=8$ and 7
                       TeV}",
      institution   = "CERN",
      address       = "Geneva",
      number        = "ATL-COM-PHYS-2014-466",
      month         = "May",
      year          = "2014",
      reportNumber  = "ATL-COM-PHYS-2014-466",
      url           = "https://cds.cern.ch/record/1702035",
}
@techreport{Chelstowska:1636127,
      author        = "Chelstowska, M and Machado Miguens, J and Schaefer, D and
                       Yoshihara, K and Yuan, L",
      title         = "{Background estimation in the $H\to
                       WW^{(*)}\to\ell\nu\ell\nu$ analysis with 20.7 fb$^{-1}$ of
                       data collected with the ATLAS detector at $\sqrt{s}$ = 8
                       TeV}",
      institution   = "CERN",
      address       = "Geneva",
      number        = "ATL-COM-PHYS-2013-1630",
      month         = "Dec",
      year          = "2013",
      reportNumber  = "ATL-COM-PHYS-2013-1630",
      url           = "https://cds.cern.ch/record/1636127",
}
@article{Powheg0,
      author         = "Nason, Paolo",
      title          = "{A New method for combining NLO QCD with shower Monte
                        Carlo algorithms}",
      journal        = "JHEP",
      volume         = "11",
      year           = "2004",
      pages          = "040",
      doi            = "10.1088/1126-6708/2004/11/040",
      eprint         = "hep-ph/0409146",
      archivePrefix  = "arXiv",
      primaryClass   = "hep-ph",
}
@article{Powheg1,
      author         = "Frixione, Stefano and Nason, Paolo and Oleari, Carlo",
      title          = "{Matching NLO QCD computations with Parton Shower
                        simulations: the POWHEG method}",
      journal        = "JHEP",
      volume         = "11",
      year           = "2007",
      pages          = "070",
      doi            = "10.1088/1126-6708/2007/11/070",
      eprint         = "0709.2092",
      archivePrefix  = "arXiv",
      primaryClass   = "hep-ph",
}
@article{PowhegBox,
      author         = "Alioli, Simone and Nason, Paolo and Oleari, Carlo and Re,
                        Emanuele",
      title          = "{A general framework for implementing NLO calculations in
                        shower Monte Carlo programs: the POWHEG BOX}",
      journal        = "JHEP",
      volume         = "06",
      year           = "2010",
      pages          = "043",
      doi            = "10.1007/JHEP06(2010)043",
      eprint         = "1002.2581",
      archivePrefix  = "arXiv",
      primaryClass   = "hep-ph",
}
@article{Powheg2,
      author         = "Alioli, Simone and Nason, Paolo and Oleari, Carlo and Re,
                        Emanuele",
      title          = "{NLO vector-boson production matched with shower in
                        POWHEG}",
      journal        = "JHEP",
      volume         = "07",
      year           = "2008",
      pages          = "060",
      doi            = "10.1088/1126-6708/2008/07/060",
      eprint         = "0805.4802",
      archivePrefix  = "arXiv",
      primaryClass   = "hep-ph",
}
@article{Pythia8,
      author         = "Sjostrand, Torbjorn and Mrenna, Stephen and Skands, Peter
                        Z.",
      title          = "{A Brief Introduction to PYTHIA 8.1}",
      journal        = "Comput. Phys. Commun.",
      volume         = "178",
      year           = "2008",
      pages          = "852-867",
      doi            = "10.1016/j.cpc.2008.01.036",
      eprint         = "0710.3820",
      archivePrefix  = "arXiv",
      primaryClass   = "hep-ph",
}
@article{gg2WW,
      author         = "Binoth, T. and Ciccolini, M. and Kauer, N. and Kramer,
                        M.",
      title          = "{Gluon-induced W-boson pair production at the LHC}",
      journal        = "JHEP",
      volume         = "12",
      year           = "2006",
      pages          = "046",
      doi            = "10.1088/1126-6708/2006/12/046",
      eprint         = "hep-ph/0611170",
      archivePrefix  = "arXiv",
      primaryClass   = "hep-ph",
}
@article{Herwig6.5,
      author         = "Corcella, G. and Knowles, I. G. and Marchesini, G. and
                        Moretti, S. and Odagiri, K. and Richardson, P. and
                        Seymour, M. H. and Webber, B. R.",
      title          = "{HERWIG 6: An Event generator for hadron emission
                        reactions with interfering gluons (including
                        supersymmetric processes)}",
      journal        = "JHEP",
      volume         = "01",
      year           = "2001",
      pages          = "010",
      doi            = "10.1088/1126-6708/2001/01/010",
      eprint         = "hep-ph/0011363",
      archivePrefix  = "arXiv",
      primaryClass   = "hep-ph",
}
@article{Jimmy,
      author         = "Butterworth, J. M. and Forshaw, Jeffrey R. and Seymour,
                        M. H.",
      title          = "{Multiparton interactions in photoproduction at HERA}",
      journal        = "Z. Phys.",
      volume         = "C72",
      year           = "1996",
      pages          = "637-646",
      doi            = "10.1007/s002880050286",
      eprint         = "hep-ph/9601371",
      archivePrefix  = "arXiv",
      primaryClass   = "hep-ph",
}
@article{ATLAS:Pythia8Tune,
      title          = "{Summary of ATLAS Pythia 8 tunes}",
      collaboration  = "ATLAS",
      year           = "2012",
      reportNumber   = "ATL-PHYS-PUB-2012-003, ATL-COM-PHYS-2012-738",
      SLACcitation   = "%%CITATION = ATL-PHYS-PUB-2012-003;%%"
}
@article{ATLAS:2011Tune,
      title          = "{New ATLAS event generator tunes to 2010 data}",
      collaboration  = "ATLAS",
      year           = "2011",
      reportNumber   = "ATL-PHYS-PUB-2011-008, ATL-COM-PHYS-2011-329",
      SLACcitation   = "%%CITATION = ATL-PHYS-PUB-2011-008;%%"
}
@article{Sherpa,
      author         = "Gleisberg, T. and Hoeche, Stefan. and Krauss, F. and
                        Schonherr, M. and Schumann, S. and Siegert, F. and Winter,
                        J.",
      title          = "{Event generation with SHERPA 1.1}",
      journal        = "JHEP",
      volume         = "02",
      year           = "2009",
      pages          = "007",
      doi            = "10.1088/1126-6708/2009/02/007",
      eprint         = "0811.4622",
      archivePrefix  = "arXiv",
      primaryClass   = "hep-ph",
}
@article{CT10,
      author         = "Lai, Hung-Liang and Guzzi, Marco and Huston, Joey and Li,
                        Zhao and Nadolsky, Pavel M. and Pumplin, Jon and Yuan, C.
                        -P.",
      title          = "{New parton distributions for collider physics}",
      journal        = "Phys. Rev.",
      volume         = "D82",
      year           = "2010",
      pages          = "074024",
      doi            = "10.1103/PhysRevD.82.074024",
      eprint         = "1007.2241",
      archivePrefix  = "arXiv",
      primaryClass   = "hep-ph",
}
@article{CTEQ6L1,
      author         = "Pumplin, J. and Stump, D. R. and Huston, J. and Lai, H.
                        L. and Nadolsky, Pavel M. and Tung, W. K.",
      title          = "{New generation of parton distributions with
                        uncertainties from global QCD analysis}",
      journal        = "JHEP",
      volume         = "07",
      year           = "2002",
      pages          = "012",
      doi            = "10.1088/1126-6708/2002/07/012",
      eprint         = "hep-ph/0201195",
      archivePrefix  = "arXiv",
      primaryClass   = "hep-ph",
}
@article{PerugiaTune,
      author         = "Skands, Peter Zeiler",
      title          = "{Tuning Monte Carlo Generators: The Perugia Tunes}",
      journal        = "Phys. Rev.",
      volume         = "D82",
      year           = "2010",
      pages          = "074018",
      doi            = "10.1103/PhysRevD.82.074018",
      eprint         = "1005.3457",
      archivePrefix  = "arXiv",
      primaryClass   = "hep-ph",
}
@article{Alpgen,
      author         = "Mangano, Michelangelo L. and Moretti, Mauro and
                        Piccinini, Fulvio and Pittau, Roberto and Polosa, Antonio
                        D.",
      title          = "{ALPGEN, a generator for hard multiparton processes in
                        hadronic collisions}",
      journal        = "JHEP",
      volume         = "07",
      year           = "2003",
      pages          = "001",
      doi            = "10.1088/1126-6708/2003/07/001",
      eprint         = "hep-ph/0206293",
      archivePrefix  = "arXiv",
      primaryClass   = "hep-ph",
}
@article{Pythia6,
      author         = "Sjostrand, Torbjorn and Mrenna, Stephen and Skands, Peter
                        Z.",
      title          = "{PYTHIA 6.4 Physics and Manual}",
      journal        = "JHEP",
      volume         = "05",
      year           = "2006",
      pages          = "026",
      doi            = "10.1088/1126-6708/2006/05/026",
      eprint         = "hep-ph/0603175",
      archivePrefix  = "arXiv",
      primaryClass   = "hep-ph",
}
@article{Mistlberger,
      author         = "Mistlberger, Bernhard and Dulat, Falko",
      title          = "{Limit setting procedures and theoretical uncertainties
                        in Higgs boson searches}",
      year           = "2012",
      eprint         = "1204.3851",
      archivePrefix  = "arXiv",
      primaryClass   = "hep-ph",
}
@article{D0WWyy,
      author         = "Abazov, Victor Mukhamedovich and others",
      title          = "{Search for anomalous quartic $WW{\gamma}{\gamma}$
                        couplings in dielectron and missing energy final states in
                        $p\bar{p}$ collisions at $\sqrt{s}$ = 1.96 TeV}",
      collaboration  = "D0",
      journal        = "Phys. Rev.",
      volume         = "D88",
      year           = "2013",
      pages          = "012005",
      doi            = "10.1103/PhysRevD.88.012005",
      eprint         = "1305.1258",
      archivePrefix  = "arXiv",
      primaryClass   = "hep-ex",
      reportNumber   = "FERMILAB-PUB-13-133-E",
      SLACcitation   = "%%CITATION = ARXIV:1305.1258;%%"
}
@article{OPALaQGC,
      author         = "Abbiendi, G. and others",
      title          = "{Constraints on anomalous quartic gauge boson couplings
                        from nu anti-nu gamma gamma and q anti-q gamma gamma
                        events at LEP-2}",
      collaboration  = "OPAL",
      journal        = "Phys. Rev.",
      volume         = "D70",
      year           = "2004",
      pages          = "032005",
      doi            = "10.1103/PhysRevD.70.032005",
      eprint         = "hep-ex/0402021",
      archivePrefix  = "arXiv",
      primaryClass   = "hep-ex",
      reportNumber   = "CERN-PH-EP-2004-003",
      SLACcitation   = "%%CITATION = HEP-EX/0402021;%%"
}
@article{aQGCBelanger,
      title = "γγ→W+W− and γγ→ZZ as tests of novel quartic couplings ",
      journal = "Physics Letters B ",
      volume = "288",
      number = "1–2",
      pages = "210 - 220",
      year = "1992",
      note = "",
      issn = "0370-2693",
      doi = "http://dx.doi.org/10.1016/0370-2693(92)91979-J",
      url = "http://www.sciencedirect.com/science/article/pii/037026939291979J",
      author = "G. Belanger and F. Boudjema"
}
@article{Levin1999qv,
      author         = "Levin, Eugene",
      title          = "Higgs and heavy quarks diffractive production",
      booktitle      = "QCD and weak boson physics in Run II. Proceedings,
                        Batavia, USA, March 4-6, June 3-4, November 4-6, 1999",
      year           = "1999",
      eprint         = "hep-ph/9912403",
      archivePrefix  = "arXiv",
      primaryClass   = "hep-ph",
      reportNumber   = "BNL-NT-99-9, TAUP-2615-99",
}
@article{Enberg,
      author         = "Enberg, R. and Ingelman, G",
      title          = "Diffractive Higgs bosons and prompt photons at hadron colliders",
      year           = "2003",
      doi            = "10.1103/PhysRevD.67.011301",
}
@article{muonSTACO,
title  = "A muon identification and combined reconstruction procedure for the ATLAS detector at the LHC using the (MUONBOY, STACO, MuTag) reconstruction packages ",
journal = "Nuclear Instruments and Methods in Physics Research Section A: Accelerators, Spectrometers, Detectors and Associated Equipment ",
volume  = "572",
number  = "1",
pages   = "77 - 79",
year    = "2007",
note    = "Frontier Detectors for Frontier PhysicsProceedings of the 10th Pisa Meeting on Advanced Detectors ",
issn    = "0168-9002",
doi     = "http://dx.doi.org/10.1016/j.nima.2006.10.340",
url     = "http://www.sciencedirect.com/science/article/pii/S0168900206019863",
author  = "S. Hassani and L. Chevalier and E. Lançon and J.-F. Laporte and R. Nicolaidou and A. Ouraou",
}
@article{Aad2012tfa,
      author         = "Aad, Georges and others",
      title          = "{Observation of a new particle in the search for the
                        Standard Model Higgs boson with the ATLAS detector at the
                        LHC}",
      collaboration  = "ATLAS",
      journal        = "Phys. Lett.",
      volume         = "B716",
      year           = "2012",
      pages          = "1-29",
      doi            = "10.1016/j.physletb.2012.08.020",
      eprint         = "1207.7214",
      archivePrefix  = "arXiv",
      primaryClass   = "hep-ex",
      reportNumber   = "CERN-PH-EP-2012-218",
      SLACcitation   = "%%CITATION = ARXIV:1207.7214;%%"
}
@inproceedings{SnowmassPaper,
      author         = "Degrande, Celine and Eboli, Oscar and Feigl, Bastian and
                        Jäger, Barbara and Kilian, Wolfgang and Mattelaer,
                        Olivier and Rauch, Michael and Reuter, Jürgen and
                        Sekulla, Marco and Wackeroth, Doreen",
      title          = "{Monte Carlo tools for studies of non-standard
                        electroweak gauge boson interactions in multi-boson
                        processes: A Snowmass White Paper}",
      booktitle      = "{Community Summer Study 2013: Snowmass on the Mississippi
                        (CSS2013) Minneapolis, MN, USA, July 29-August 6, 2013}",
      url            = "http://inspirehep.net/record/1256129/files/arXiv:1309.7890.pdf",
      year           = "2013",
      eprint         = "1309.7890",
      archivePrefix  = "arXiv",
      primaryClass   = "hep-ph",
}
@article{Alioli:2008tz,
      author         = "Alioli, Simone and Nason, Paolo and Oleari, Carlo and Re,
                        Emanuele",
      title          = "{NLO Higgs boson production via gluon fusion matched with
                        shower in POWHEG}",
      journal        = "JHEP",
      volume         = "04",
      year           = "2009",
      pages          = "002",
      doi            = "10.1088/1126-6708/2009/04/002",
      eprint         = "0812.0578",
      archivePrefix  = "arXiv",
      primaryClass   = "hep-ph",
      SLACcitation   = "%%CITATION = ARXIV:0812.0578;%%"
}
@Article{MCatNLO,
      author         = "Frixione, Stefano and Stoeckli, Fabian and Torrielli,
                        Paolo and Webber, Bryan R.",
      title          = "{NLO QCD corrections in Herwig++ with MC@NLO}",
      journal        = "JHEP",
      volume         = "01",
      year           = "2011",
      pages          = "053",
      doi            = "10.1007/JHEP01(2011)053",
      eprint         = "1010.0568",
      archivePrefix  = "arXiv",
      primaryClass   = "hep-ph",
}
@Booklet{PUB-2010-013,
      author        = "{ATLAS Collaboration}",
      title         = "{The simulation principle and performance of the ATLAS
                       fast calorimeter simulation FastCaloSim}",
      institution   = "CERN",
      xaddress       = "Geneva",
      howpublished  = "ATL-PHYS-PUB-2010-013",
      month         = "Oct",
      year          = "2010",
      reportNumber  = "ATL-PHYS-PUB-2010-013",
      url           = "http://cds.cern.ch/record/1300517",
}
@article{geant4,
title = "{Geant4—a simulation toolkit}",
journal = "Nucl. Instrum. Meth. A",
volume = "506",
pages = "250",
year = "2003",
doi = "dx.doi.org/10.1016/S0168-9002(03)01368-8",
author = "S. Agostinelli and J. Allison and K. Amako and J. Apostolakis and H. Araujo and P. Arce and M. Asai and others"
}
@article{Costa:2012cb,
      author         = "Costa, Miguel S. and Goncalves, Vasco and Penedones,
                        Joao",
      title          = "{Conformal Regge theory}",
      journal        = "JHEP",
      volume         = "12",
      year           = "2012",
      pages          = "091",
      doi            = "10.1007/JHEP12(2012)091",
      eprint         = "1209.4355",
      archivePrefix  = "arXiv",
      primaryClass   = "hep-th",
      SLACcitation   = "%%CITATION = ARXIV:1209.4355;%%"
}
@article{Aktas:2006hy,
      author         = "Aktas, A. and others",
      title          = "{Measurement and QCD analysis of the diffractive
                        deep-inelastic scattering cross-section at HERA}",
      collaboration  = "H1",
      journal        = "Eur. Phys. J.",
      volume         = "C48",
      year           = "2006",
      pages          = "715-748",
      doi            = "10.1140/epjc/s10052-006-0035-3",
      eprint         = "hep-ex/0606004",
      archivePrefix  = "arXiv",
      primaryClass   = "hep-ex",
      reportNumber   = "DESY-06-049",
      SLACcitation   = "%%CITATION = HEP-EX/0606004;%%"
}
@article{Klein:2008di,
      author         = "Klein, M. and Yoshida, R.",
      title          = "{Collider Physics at HERA}",
      journal        = "Prog. Part. Nucl. Phys.",
      volume         = "61",
      year           = "2008",
      pages          = "343-393",
      doi            = "10.1016/j.ppnp.2008.05.002",
      eprint         = "0805.3334",
      archivePrefix  = "arXiv",
      primaryClass   = "hep-ex",
      reportNumber   = "ANL-HEP-PR-08-23",
      SLACcitation   = "%%CITATION = ARXIV:0805.3334;%%"
}
@article{ATLAS:2014aga,
      author         = "Aad, Georges and others",
      title          = "{Observation and measurement of Higgs boson decays to
                        WW$^*$ with the ATLAS detector}",
      collaboration  = "ATLAS",
      journal        = "Phys. Rev.",
      volume         = "D92",
      year           = "2015",
      number         = "1",
      pages          = "012006",
      doi            = "10.1103/PhysRevD.92.012006",
      eprint         = "1412.2641",
      archivePrefix  = "arXiv",
      primaryClass   = "hep-ex",
      reportNumber   = "CERN-PH-EP-2014-270",
      SLACcitation   = "%%CITATION = ARXIV:1412.2641;%%"
}
@article{Harland-Lang:2015cta,
      author         = "Harland-Lang, L. A. and Khoze, V. A. and Ryskin, M. G.",
      title          = "{Exclusive physics at the LHC with SuperChic 2}",
      journal        = "Eur. Phys. J.",
      volume         = "C76",
      year           = "2016",
      number         = "1",
      pages          = "9",
      doi            = "10.1140/epjc/s10052-015-3832-8",
      eprint         = "1508.02718",
      archivePrefix  = "arXiv",
      primaryClass   = "hep-ph",
      reportNumber   = "IPPP-15-34, DCPT-15-68",
      SLACcitation   = "%%CITATION = ARXIV:1508.02718;%%"
}
@article{Aad:2016wpd,
      author         = "Aad, Georges and others",
      title          = "{Measurement of total and differential $W^+W^-$
                        production cross sections in proton-proton collisions at
                        $\sqrt{s}=$ 8 TeV with the ATLAS detector and limits on
                        anomalous triple-gauge-boson couplings}",
      collaboration  = "ATLAS",
      journal        = "JHEP",
      volume         = "09",
      year           = "2016",
      pages          = "029",
      doi            = "10.1007/JHEP09(2016)029",
      eprint         = "1603.01702",
      archivePrefix  = "arXiv",
      primaryClass   = "hep-ex",
      reportNumber   = "CERN-PH-EP-2015-323",
      SLACcitation   = "%%CITATION = ARXIV:1603.01702;%%"
}
