@article{citeulike:347166,
    author = {Kalman, R. E.},
    citeulike-article-id = {347166},
    citeulike-linkout-0 = {http://www.cs.unc.edu/\~{}welch/kalman/media/pdf/Kalman1960.pdf},
    journal = {Transactions of the ASME – Journal of Basic Engineering},
    keywords = {1960, kalman, kalman-filter},
    number = {82 (Series D)},
    pages = {35--45},
    posted-at = {2009-01-27 13:11:26},
    priority = {2},
    title = {{A New Approach to Linear Filtering and Prediction Problems}},
    url = {http://www.cs.unc.edu/\~{}welch/kalman/media/pdf/Kalman1960.pdf},
    year = {1960}
}
@article{Kiryati:1991:PHT:104022.104026,
 author = {Kiryati, N. and Eldar, Y. and Bruckstein, A. M.},
 title = {A Probabilistic Hough Transform},
 journal = {Pattern Recogn.},
 issue_date = {1991},
 volume = {24},
 number = {4},
 month = feb,
 year = {1991},
 issn = {0031-3203},
 pages = {303--316},
 numpages = {14},
 url = {http://dx.doi.org/10.1016/0031-3203(91)90073-E},
 doi = {10.1016/0031-3203(91)90073-E},
 acmid = {104026},
 publisher = {Elsevier Science Inc.},
 address = {New York, NY, USA},
} 
@article{Aad:2014fxa,
      author         = "Aad, Georges and others",
      title          = "{Electron reconstruction and identification efficiency
                        measurements with the ATLAS detector using the 2011 LHC
                        proton-proton collision data}",
      collaboration  = "ATLAS",
      journal        = "Eur. Phys. J.",
      volume         = "C74",
      year           = "2014",
      number         = "7",
      pages          = "2941",
      doi            = "10.1140/epjc/s10052-014-2941-0",
      eprint         = "1404.2240",
      archivePrefix  = "arXiv",
      primaryClass   = "hep-ex",
      reportNumber   = "CERN-PH-EP-2014-040",
      SLACcitation   = "%%CITATION = ARXIV:1404.2240;%%"
}
@article{Lampl:2008zz,
      author         = "Lampl, W. and Laplace, S. and Lelas, D. and Loch, P. and
                        Ma, H. and Menke, S. and Rajagopalan, S. and Rousseau, D.
                        and Snyder, S. and Unal, G.",
      title          = "{Calorimeter clustering algorithms: Description and
                        performance}",
      year           = "2008",
      reportNumber   = "ATL-LARG-PUB-2008-002, ATL-COM-LARG-2008-003",
      SLACcitation   = "%%CITATION = ATL-LARG-PUB-2008-002;%%"
}
@techreport{ATLAS-CONF-2014-032,
      title         = "{Electron efficiency measurements with the ATLAS detector
                       using the 2012 LHC proton-proton collision data}",
      institution   = "CERN",
      address       = "Geneva",
      number        = "ATLAS-CONF-2014-032",
      month         = "Jun",
      year          = "2014",
      reportNumber  = "ATLAS-CONF-2014-032",
      url           = "https://cds.cern.ch/record/1706245",
}
@article{Aad:2011mk,
      author         = "Aad, Georges and others",
      title          = "{Electron performance measurements with the ATLAS
                        detector using the 2010 LHC proton-proton collision data}",
      collaboration  = "ATLAS",
      journal        = "Eur. Phys. J.",
      volume         = "C72",
      year           = "2012",
      pages          = "1909",
      doi            = "10.1140/epjc/s10052-012-1909-1",
      eprint         = "1110.3174",
      archivePrefix  = "arXiv",
      primaryClass   = "hep-ex",
      reportNumber   = "CERN-PH-EP-2011-117",
      SLACcitation   = "%%CITATION = ARXIV:1110.3174;%%"
}
@article{Aad:2016jkr,
      author         = "Aad, Georges and others",
      title          = "{Muon reconstruction performance of the ATLAS detector in
                        proton–proton collision data at $\sqrt{s}$ =13 TeV}",
      collaboration  = "ATLAS",
      journal        = "Eur. Phys. J.",
      volume         = "C76",
      year           = "2016",
      number         = "5",
      pages          = "292",
      doi            = "10.1140/epjc/s10052-016-4120-y",
      eprint         = "1603.05598",
      archivePrefix  = "arXiv",
      primaryClass   = "hep-ex",
      reportNumber   = "CERN-EP-2016-033",
      SLACcitation   = "%%CITATION = ARXIV:1603.05598;%%"
}
@article{Aad:2014rra,
      author         = "Aad, Georges and others",
      title          = "{Measurement of the muon reconstruction performance of
                        the ATLAS detector using 2011 and 2012 LHC proton–proton
                        collision data}",
      collaboration  = "ATLAS",
      journal        = "Eur. Phys. J.",
      volume         = "C74",
      year           = "2014",
      number         = "11",
      pages          = "3130",
      doi            = "10.1140/epjc/s10052-014-3130-x",
      eprint         = "1407.3935",
      archivePrefix  = "arXiv",
      primaryClass   = "hep-ex",
      reportNumber   = "CERN-PH-EP-2014-151",
      SLACcitation   = "%%CITATION = ARXIV:1407.3935;%%"
}
@article{Gross:1998jx,
      author         = "Gross, David J.",
      title          = "{Twenty five years of asymptotic freedom}",
      booktitle      = "{QCD'98. Proceedings, 3rd Euroconference, 6th Conference,
                        Montpellier, France, July 2-8, 1998}",
      journal        = "Nucl. Phys. Proc. Suppl.",
      volume         = "74",
      year           = "1999",
      pages          = "426-446",
      doi            = "10.1016/S0920-5632(99)00208-X",
      eprint         = "hep-th/9809060",
      archivePrefix  = "arXiv",
      primaryClass   = "hep-th",
      SLACcitation   = "%%CITATION = HEP-TH/9809060;%%"
}
@article{Glover:1995nx,
      author         = "Glover, E. W. Nigel and Kosower, David A.",
      title          = "{Recombination methods for jets in p anti-p collisions}",
      journal        = "Phys. Lett.",
      volume         = "B367",
      year           = "1996",
      pages          = "369-376",
      doi            = "10.1016/0370-2693(95)01496-9",
      eprint         = "hep-ph/9510420",
      archivePrefix  = "arXiv",
      primaryClass   = "hep-ph",
      reportNumber   = "DTP-95-74, SACLAY-SPH-T-95-122",
      SLACcitation   = "%%CITATION = HEP-PH/9510420;%%"
}
@article{Cacciari:2008gp,
      author         = "Cacciari, Matteo and Salam, Gavin P. and Soyez, Gregory",
      title          = "{The Anti-k(t) jet clustering algorithm}",
      journal        = "JHEP",
      volume         = "04",
      year           = "2008",
      pages          = "063",
      doi            = "10.1088/1126-6708/2008/04/063",
      eprint         = "0802.1189",
      archivePrefix  = "arXiv",
      primaryClass   = "hep-ph",
      reportNumber   = "LPTHE-07-03",
      SLACcitation   = "%%CITATION = ARXIV:0802.1189;%%"
}
@techreport{Dandoy:2136864,
      author        = "Dandoy, Jeffrey Rogers and Lopez Mateos, David and Horton,
                       Arthur James and Makovec, Nikola and Vetterli, Michel and
                       Abeloos, Baptiste and Hrynevich, Aliaksei and
                       Queitsch-Maitland, Michaela and Pachal, Katherine and
                       Schramm, Steven and DeMarco, David",
      title         = "{Jet energy scale and resolution measurements and their
                       systematic uncertainties in proton-proton collisions at
                       $\sqrt{s}$ = 13 TeV with the ATLAS detector}",
      institution   = "CERN",
      address       = "Geneva",
      number        = "ATL-COM-PHYS-2016-213",
      month         = "Mar",
      year          = "2016",
      reportNumber  = "ATL-COM-PHYS-2016-213",
      url           = "https://cds.cern.ch/record/2136864",
}
@techreport{Malaescu:2048678,
      author        = "Malaescu, Bogdan and Gillberg, Dag Ingemar and Begel,
                       Michael and Camacho Toro, Reina and Taenzer, Joe and Lacey,
                       James and Lammers, Sabine and Lopez Mateos, David and
                       Issever, Cigdem and Marshall, Zach and Pilkington, Andrew
                       and Ruehr, Frederik and Sawyer, Craig and Starovoitov,
                       Pavel and Vetterli, Michel and Young, Christopher John",
      title         = "{Determination of jet calibration and energy resolution in
                       proton-proton collisions at $\sqrt{s} = 8$ TeV using the
                       ATLAS detector}",
      institution   = "CERN",
      address       = "Geneva",
      number        = "ATL-COM-PHYS-2015-1086",
      month         = "Sep",
      year          = "2015",
      reportNumber  = "ATL-COM-PHYS-2015-1086",
      url           = "https://cds.cern.ch/record/2048678",
}
@article{Cacciari:2008gn,
      author         = "Cacciari, Matteo and Salam, Gavin P. and Soyez, Gregory",
      title          = "{The Catchment Area of Jets}",
      journal        = "JHEP",
      volume         = "04",
      year           = "2008",
      pages          = "005",
      doi            = "10.1088/1126-6708/2008/04/005",
      eprint         = "0802.1188",
      archivePrefix  = "arXiv",
      primaryClass   = "hep-ph",
      reportNumber   = "LPTHE-07-02",
      SLACcitation   = "%%CITATION = ARXIV:0802.1188;%%"
}
@article{Aad:2015ydr,
      author         = "Aad, Georges and others",
      title          = "{Performance of $b$-Jet Identification in the ATLAS
                        Experiment}",
      collaboration  = "ATLAS",
      journal        = "JINST",
      volume         = "11",
      year           = "2016",
      number         = "04",
      pages          = "P04008",
      doi            = "10.1088/1748-0221/11/04/P04008",
      eprint         = "1512.01094",
      archivePrefix  = "arXiv",
      primaryClass   = "hep-ex",
      reportNumber   = "CERN-PH-EP-2015-216",
      SLACcitation   = "%%CITATION = ARXIV:1512.01094;%%"
}
@article{TheATLAScollaboration:2013pia,
      author         = "The ATLAS collaboration",
      title          = "{Pile-up subtraction and suppression for jets in ATLAS}",
      collaboration  = "ATLAS",
      year           = "2013",
      reportNumber   = "ATLAS-CONF-2013-083",
      SLACcitation   = "%%CITATION = ATLAS-CONF-2013-083;%%"
}
@proceedings{citeulike:1164920,
    author = {Zhang, Min-Ling and Zhou, Zhi-Hua},
    citeulike-article-id = {1164920},
    citeulike-linkout-0 = {http://ieeexplore.ieee.org/xpls/abs\_all.jsp?arnumber=1547385},
    journal = {IEEE International Conference on Granular Computing},
    keywords = {multil, multilabel\_classification},
    organization = {The IEEE Computational Intelligence Society},
    pages = {718--721 Vol. 2},
    posted-at = {2010-10-03 19:39:01},
    priority = {2},
    title = {{A k-Nearest Neighbor Based Algorithm for Multi-label Classification}},
    url = {http://ieeexplore.ieee.org/xpls/abs\_all.jsp?arnumber=1547385},
    volume = {2},
    year = {2005}
}
@inproceedings{Bagliesi:2007qx,
      author         = "Bagliesi, Giuseppe",
      title          = "{Tau tagging at Atlas and CMS}",
      booktitle      = "{17th Symposium on Hadron Collider Physics 2006 (HCP
                        2006) Durham, North Carolina, May 22-26, 2006}",
      url            = "https://inspirehep.net/record/755200/files/arXiv:0707.0928.pdf",
      year           = "2007",
      eprint         = "0707.0928",
      archivePrefix  = "arXiv",
      primaryClass   = "hep-ex",
      SLACcitation   = "%%CITATION = ARXIV:0707.0928;%%"
}
@misc{ATLAS:tauvars,
  author = {ATLAS Collaboration},
  title = {{Tau Identification, ATLAS Twiki}},
  note = {\url{https://twiki.cern.ch/twiki/bin/view/AtlasProtected/TauIdentification}},
  year = {2016}
}
@techreport{Khoo:2012749,
      author        = "Khoo, Teng Jian and Klein, Matthew Henry and Okawa, Hideki
                       and Schaefer, Douglas and Williams, Sarah and Begel,
                       Michael and Cavalli, Donatella and Francavilla, Paolo and
                       Hariri, Faten and Lee, Claire Alexandra and Lin, Tai-Hua
                       and Liu, Bo and Loch, Peter and Lopez Mateos, David and
                       Mazini, Rachid and Pizio, Caterina and Resconi, Silvia and
                       Simoniello, Rosa and Smith, Matthew and Testa, Marianna and
                       Vichou, Irene",
      title         = "{Performance of algorithms that reconstruct missing
                       transverse momentum in $\sqrt{s}$ $=$ 8 TeV proton--proton
                       collisions in the ATLAS detector}",
      institution   = "CERN",
      address       = "Geneva",
      number        = "ATL-COM-PHYS-2015-341",
      month         = "Apr",
      year          = "2015",
      reportNumber  = "ATL-COM-PHYS-2015-341",
      url           = "https://cds.cern.ch/record/2012749",
}
@techreport{Brunt:2149445,
      author        = "Brunt, Benjamin and Cavalli, Donatella and Cheng, Huajie
                       and Eifert, Till and Francavilla, Paolo and Issever, Cigdem
                       and Klein, Matthew Henry and Khoo, Teng Jian and Lee,
                       Claire Alexandra and Liu, Bo and Loch, Peter and Feng,
                       Haolu and Lopez Mateos, David and Mazini, Rachid and
                       Perego, Marta Maria and Petrov, Mariyan and Ratti, Maria
                       Giulia and Resconi, Silvia and Smith, Russell",
      title         = "{Performance of missing transverse momentum reconstruction
                       with the ATLAS detector using proton-proton collisions at
                       $\sqrt{s} = 13$ TeV}",
      institution   = "CERN",
      address       = "Geneva",
      number        = "ATL-COM-PHYS-2016-407",
      month         = "Apr",
      year          = "2016",
      reportNumber  = "ATL-COM-PHYS-2016-407",
      url           = "https://cds.cern.ch/record/2149445",
}
@article{Aad:2015ina,
      author         = "Aad, Georges and others",
      title          = "{Performance of pile-up mitigation techniques for jets in
                        $pp$ collisions at $\sqrt{s} = 8$ TeV using the ATLAS
                        detector}",
      collaboration  = "ATLAS",
      year           = "2015",
      eprint         = "1510.03823",
      archivePrefix  = "arXiv",
      primaryClass   = "hep-ex",
      reportNumber   = "CERN-PH-EP-2015-206",
      SLACcitation   = "%%CITATION = ARXIV:1510.03823;%%"
}
@techreport{ATL-PHYS-PUB-2016-012,
      title         = "{Optimisation of the ATLAS $b$-tagging performance for the
                       2016 LHC Run}",
      institution   = "CERN",
      collaboration = "ATLAS Collaboration",
      address       = "Geneva",
      number        = "ATL-PHYS-PUB-2016-012",
      month         = "Jun",
      year          = "2016",
      reportNumber  = "ATL-PHYS-PUB-2016-012",
      url           = "https://cds.cern.ch/record/2160731",
}
@misc{ATLAS:trkImp,
  author = {ATLAS Collaboration},
  title = {{Universitas Bergensis, Particle Physics Group}},
  note = {\url{https://wikihost.uib.no/ift/images/a/ab/ATLASperformance.pdf}},
  year = {2015}
}
@article{Aad:2014nim,
      author         = "Aad, Georges and others",
      title          = "{Electron and photon energy calibration with the ATLAS
                        detector using LHC Run 1 data}",
      collaboration  = "ATLAS",
      journal        = "Eur. Phys. J.",
      volume         = "C74",
      year           = "2014",
      number         = "10",
      pages          = "3071",
      doi            = "10.1140/epjc/s10052-014-3071-4",
      eprint         = "1407.5063",
      archivePrefix  = "arXiv",
      primaryClass   = "hep-ex",
      reportNumber   = "CERN-PH-EP-2014-153",
      SLACcitation   = "%%CITATION = ARXIV:1407.5063;%%"
}
