@article{Collins:1989gx,
      author         = "Collins, John C. and Soper, Davison E. and Sterman,
                        George F.",
      title          = "{Factorization of Hard Processes in QCD}",
      journal        = "Adv. Ser. Direct. High Energy Phys.",
      volume         = "5",
      year           = "1989",
      pages          = "1-91",
      doi            = "10.1142/9789814503266_0001",
      eprint         = "hep-ph/0409313",
      archivePrefix  = "arXiv",
      primaryClass   = "hep-ph",
      reportNumber   = "ITP-SB-89-31",
      SLACcitation   = "%%CITATION = HEP-PH/0409313;%%"
}
@inproceedings{Sonoda:2006rr,
      author         = "Sonoda, Hidenori",
      title          = "{Wilson's renormalization group and its applications in
                        perturbation theory}",
      booktitle      = "{APCTP/CQUeST Field Theory Winter School at Pohang
                        Pohang, Korea, February 2-6, 2006}",
      year           = "2006",
      eprint         = "hep-th/0603151",
      archivePrefix  = "arXiv",
      primaryClass   = "hep-th",
      reportNumber   = "KOBE-TH-06-02",
      SLACcitation   = "%%CITATION = HEP-TH/0603151;%%"
}
@article{Kovarik:2013sya,
      author         = "Kovarik, K. and Jezo, T. and Kusina, A. and Olness, F. I.
                        and Schienbein, I. and Stavreva, T. and Yu, J. Y.",
      title          = "{CTEQ nuclear parton distribution functions}",
      booktitle      = "{Proceedings, 21st International Workshop on
                        Deep-Inelastic Scattering and Related Subjects (DIS
                        2013)}",
      journal        = "PoS",
      volume         = "DIS2013",
      year           = "2013",
      pages          = "274",
      eprint         = "1307.3454",
      archivePrefix  = "arXiv",
      SLACcitation   = "%%CITATION = ARXIV:1307.3454;%%"
}
@article{Ball:2013hta,
      author         = "Ball, Richard D. and Bertone, Valerio and Carrazza,
                        Stefano and Del Debbio, Luigi and Forte, Stefano and
                        Guffanti, Alberto and Hartland, Nathan P. and Rojo, Juan",
      title          = "{Parton distributions with QED corrections}",
      collaboration  = "NNPDF",
      journal        = "Nucl. Phys.",
      volume         = "B877",
      year           = "2013",
      pages          = "290-320",
      doi            = "10.1016/j.nuclphysb.2013.10.010",
      eprint         = "1308.0598",
      archivePrefix  = "arXiv",
      primaryClass   = "hep-ph",
      reportNumber   = "EDINBURGH-2013-20, IFUM-1014-FT, FR-PHENO-2013-008,
                        CERN-PH-TH-2013-075",
      SLACcitation   = "%%CITATION = ARXIV:1308.0598;%%"
}
@inproceedings{Kretzschmar:2009ws,
      author         = "Kretzschmar, Jan",
      title          = "{Proton Structure Measurements and the HERAPDF fit}",
      booktitle      = "{24th Lake Louise Winter Institute: Fundamental
                        Interactions (LLWI 2009) Lake Louise, Alberta, Canada,
                        February 16-21, 2009}",
      collaboration  = "ZEUS, H1",
      url            = "https://inspirehep.net/record/822351/files/arXiv:0906.1108.pdf",
      year           = "2009",
      eprint         = "0906.1108",
      archivePrefix  = "arXiv",
      primaryClass   = "hep-ex",
      SLACcitation   = "%%CITATION = ARXIV:0906.1108;%%"
}
@article{Watt:2012np,
      author         = "Watt, Graeme",
      title          = "{MSTW PDFs and impact of PDFs on cross sections at
                        Tevatron and LHC}",
      booktitle      = "{Proceedings, Ringberg Workshop on New trends in HERA
                        physics 2011}",
      journal        = "Nucl. Phys. Proc. Suppl.",
      volume         = "222-224",
      year           = "2012",
      pages          = "61-80",
      doi            = "10.1016/j.nuclphysbps.2012.03.008",
      eprint         = "1201.1295",
      archivePrefix  = "arXiv",
      primaryClass   = "hep-ph",
      reportNumber   = "CERN-PH-TH-2011-315",
      SLACcitation   = "%%CITATION = ARXIV:1201.1295;%%"
}
@article{Martin:2009iq,
      author         = "Martin, A. D. and Stirling, W. J. and Thorne, R. S. and
                        Watt, G.",
      title          = "{Parton distributions for the LHC}",
      journal        = "Eur. Phys. J.",
      volume         = "C63",
      year           = "2009",
      pages          = "189-285",
      doi            = "10.1140/epjc/s10052-009-1072-5",
      eprint         = "0901.0002",
      archivePrefix  = "arXiv",
      primaryClass   = "hep-ph",
      reportNumber   = "IPPP-08-95, DCPT-08-190, CAVENDISH-HEP-08-16",
      SLACcitation   = "%%CITATION = ARXIV:0901.0002;%%"
}
@article{Collins:1989bt,
      author         = "Collins, John C.",
      title          = "{Sudakov form-factors}",
      journal        = "Adv. Ser. Direct. High Energy Phys.",
      volume         = "5",
      year           = "1989",
      pages          = "573-614",
      doi            = "10.1142/9789814503266_0006",
      eprint         = "hep-ph/0312336",
      archivePrefix  = "arXiv",
      primaryClass   = "hep-ph",
      SLACcitation   = "%%CITATION = HEP-PH/0312336;%%"
}
@inproceedings{Grandou:1994rz,
      author         = "Grandou, T.",
      title          = "{The Kinoshita-Lee-Nauenberg (KLN) theorem}",
      booktitle      = "{From thermal field theory to neural networks: A day to
                        remember Tanguy Altherr. Proceedings, Meeting, Geneva,
                        Switzerland, November 4, 1994}",
      year           = "1994",
      SLACcitation   = "%%CITATION = INSPIRE-387773;%%"
}
@inproceedings{Gupta:1997nd,
      author         = "Gupta, Rajan",
      title          = "{Introduction to lattice QCD: Course}",
      booktitle      = "{Probing the standard model of particle interactions.
                        Proceedings, Summer School in Theoretical Physics, NATO
                        Advanced Study Institute, 68th session, Les Houches,
                        France, July 28-September 5, 1997. Pt. 1, 2}",
      url            = "http://alice.cern.ch/format/showfull?sysnb=0284452",
      year           = "1997",
      pages          = "83-219",
      eprint         = "hep-lat/9807028",
      archivePrefix  = "arXiv",
      primaryClass   = "hep-lat",
      reportNumber   = "LA-UR-98-3271",
      SLACcitation   = "%%CITATION = HEP-LAT/9807028;%%"
}
@inproceedings{Hoche:2014rga,
      author         = "HÃ¶che, Stefan",
      title          = "{Introduction to parton-shower event generators}",
      booktitle      = "{Theoretical Advanced Study Institute in Elementary
                        Particle Physics: Journeys Through the Precision Frontier:
                        Amplitudes for Colliders (TASI 2014) Boulder, Colorado,
                        June 2-27, 2014}",
      url            = "https://inspirehep.net/record/1328513/files/arXiv:1411.4085.pdf",
      year           = "2014",
      eprint         = "1411.4085",
      archivePrefix  = "arXiv",
      primaryClass   = "hep-ph",
      reportNumber   = "SLAC-PUB-16160",
      SLACcitation   = "%%CITATION = ARXIV:1411.4085;%%"
}
@inproceedings{Seymour:2013ega,
      author         = "Seymour, Michael H. and Marx, Marilyn",
      title          = "{Monte Carlo Event Generators}",
      booktitle      = "{Proceedings, 69th Scottish Universities Summer School in
                        Physics : LHC Phenomenology (SUSSP69): St.Andrews,
                        Scotland, August 19-September 1, 2012}",
      url            = "https://inspirehep.net/record/1229804/files/arXiv:1304.6677.pdf",
      year           = "2013",
      pages          = "287-319",
      doi            = "10.1007/978-3-319-05362-2_8",
      eprint         = "1304.6677",
      archivePrefix  = "arXiv",
      primaryClass   = "hep-ph",
      reportNumber   = "MCNET-13-05",
      SLACcitation   = "%%CITATION = ARXIV:1304.6677;%%"
}

