@article{Fukuda:1998mi,
      author         = "Fukuda, Y. and others",
      title          = "{Evidence for oscillation of atmospheric neutrinos}",
      collaboration  = "Super-Kamiokande",
      journal        = "Phys. Rev. Lett.",
      volume         = "81",
      year           = "1998",
      pages          = "1562-1567",
      doi            = "10.1103/PhysRevLett.81.1562",
      eprint         = "hep-ex/9807003",
      archivePrefix  = "arXiv",
      primaryClass   = "hep-ex",
      reportNumber   = "BU-98-17, ICRR-REPORT-422-98-18, UCI-98-8,
                        KEK-PREPRINT-98-95, LSU-HEPA-5-98, UMD-98-003, SBHEP-98-5,
                        TKU-PAP-98-06, TIT-HPE-98-09",
      SLACcitation   = "%%CITATION = HEP-EX/9807003;%%"
}
@ARTICLE{1995math6202G,
   author = {{Gong}, X.},
    title = "{Divergence of the normalization for real Lagrangian surfaces near complex tangents}",
  journal = {ArXiv Mathematics e-prints},
   eprint = {math/9506202},
 keywords = {Mathematics - Complex Variables, 32},
     year = 1995,
    month = jun,
   adsurl = {http://adsabs.harvard.edu/abs/1995math......6202G},
  adsnote = {Provided by the SAO/NASA Astrophysics Data System}
}
@article{Krasnikov:1996jq,
      author         = "Krasnikov, N. V. and Pivovarov, A. A.",
      title          = "{Renormalization schemes and renormalons}",
      journal        = "Mod. Phys. Lett.",
      volume         = "A11",
      year           = "1996",
      pages          = "835-852",
      doi            = "10.1142/S0217732396000849",
      eprint         = "hep-ph/9602272",
      archivePrefix  = "arXiv",
      primaryClass   = "hep-ph",
      reportNumber   = "INR-0915-96, PREPRINT-INR-915-96",
      SLACcitation   = "%%CITATION = HEP-PH/9602272;%%"
}
@ARTICLE{2015arXiv150308956D,
   author = {{Derkach}, V. and {Malamud}, M.},
    title = "{Weyl function of a Hermitian operator and its connection with characteristic function}",
  journal = {ArXiv e-prints},
archivePrefix = "arXiv",
   eprint = {1503.08956},
 primaryClass = "math.SP",
 keywords = {Mathematics - Spectral Theory, Primary 47B25, Secondary 47A48, 47A56, 47B44},
     year = 2015,
    month = mar,
   adsurl = {http://adsabs.harvard.edu/abs/2015arXiv150308956D},
  adsnote = {Provided by the SAO/NASA Astrophysics Data System}
}
@article{PhysRevLett.4.380,
  title = {Axial Vector Current Conservation in Weak Interactions},
  author = {Nambu, Yoichiro},
  journal = {Phys. Rev. Lett.},
  volume = {4},
  issue = {7},
  pages = {380--382},
  numpages = {0},
  year = {1960},
  month = {Apr},
  publisher = {American Physical Society},
  doi = {10.1103/PhysRevLett.4.380},
  url = {http://link.aps.org/doi/10.1103/PhysRevLett.4.380}
}
@article{Aaltonen:2012bp,
      author         = "Aaltonen, T. and others",
      title          = "{Precise measurement of the $W$-boson mass with the CDF
                        II detector}",
      collaboration  = "CDF",
      journal        = "Phys. Rev. Lett.",
      volume         = "108",
      year           = "2012",
      pages          = "151803",
      doi            = "10.1103/PhysRevLett.108.151803",
      eprint         = "1203.0275",
      archivePrefix  = "arXiv",
      primaryClass   = "hep-ex",
      reportNumber   = "FERMILAB-PUB-12-061-E",
      SLACcitation   = "%%CITATION = ARXIV:1203.0275;%%"
}
@article{ALEPH:2005ab,
      author         = "Schael, S. and others",
      title          = "{Precision electroweak measurements on the $Z$
                        resonance}",
      collaboration  = "SLD Electroweak Group, DELPHI, ALEPH, SLD, SLD Heavy
                        Flavour Group, OPAL, LEP Electroweak Working Group, L3",
      journal        = "Phys. Rept.",
      volume         = "427",
      year           = "2006",
      pages          = "257-454",
      doi            = "10.1016/j.physrep.2005.12.006",
      eprint         = "hep-ex/0509008",
      archivePrefix  = "arXiv",
      primaryClass   = "hep-ex",
      reportNumber   = "SLAC-R-774",
      SLACcitation   = "%%CITATION = HEP-EX/0509008;%%"
}
@article{Ghosh:2012ep,
      author         = "Ghosh, Diptimoy and Godbole, Rohini and Guchait,
                        Monoranjan and Mohan, Kirtimaan and Sengupta, Dipan",
      title          = "{Looking for an Invisible Higgs Signal at the LHC}",
      journal        = "Phys. Lett.",
      volume         = "B725",
      year           = "2013",
      pages          = "344-351",
      doi            = "10.1016/j.physletb.2013.07.042",
      eprint         = "1211.7015",
      archivePrefix  = "arXiv",
      primaryClass   = "hep-ph",
      SLACcitation   = "%%CITATION = ARXIV:1211.7015;%%"
}
@misc{LHC:xs2016,
  author = {LHC Cross Sections Working Group},
  title = {{LHC Higgs Cross Sections}},
  note = {\url{https://twiki.cern.ch/twiki/bin/view/LHCPhysics/CrossSections}},
  year = {2016}
}
@article{FAYET1976159,
title = "Supersymmetry and weak, electromagnetic and strong interactions",
journal = "Physics Letters B",
volume = "64",
number = "2",
pages = "159 - 162",
year = "1976",
note = "",
issn = "0370-2693",
doi = "http://dx.doi.org/10.1016/0370-2693(76)90319-1",
url = "http://www.sciencedirect.com/science/article/pii/0370269376903191",
author = "P. Fayet",
abstract = "We study a possible way to construct supersymmetric theories which could be considered as realistic, excepted that the problem of mass generation for electron, muon and quarks remains. There is a new class of leptons which includes charged ones, and a “photonic neutrino”. Spin 12-gluons and heavy spin 0- quarks are associated with ordinary vector gluons and quarks."
}
@article{Djouadi:2013uqa,
      author         = "Djouadi, A. and Maiani, L. and Moreau, G. and Polosa, A.
                        and Quevillon, J. and Riquer, V.",
      title          = "{The post-Higgs MSSM scenario: Habemus MSSM?}",
      journal        = "Eur. Phys. J.",
      volume         = "C73",
      year           = "2013",
      pages          = "2650",
      doi            = "10.1140/epjc/s10052-013-2650-0",
      eprint         = "1307.5205",
      archivePrefix  = "arXiv",
      primaryClass   = "hep-ph",
      reportNumber   = "LPT-ORSAY-13-56",
      SLACcitation   = "%%CITATION = ARXIV:1307.5205;%%"
}
@article{PhysRevD.8.1226,
  title = {A Theory of Spontaneous $T$ Violation},
  author = {Lee, T. D.},
  journal = {Phys. Rev. D},
  volume = {8},
  issue = {4},
  pages = {1226--1239},
  numpages = {0},
  year = {1973},
  month = {Aug},
  publisher = {American Physical Society},
  doi = {10.1103/PhysRevD.8.1226},
  url = {http://link.aps.org/doi/10.1103/PhysRevD.8.1226}
}
@article{GLASHOW1961579,
title = "Partial-symmetries of weak interactions",
journal = "Nuclear Physics",
volume = "22",
number = "4",
pages = "579 - 588",
year = "1961",
note = "",
issn = "0029-5582",
doi = "http://dx.doi.org/10.1016/0029-5582(61)90469-2",
url = "http://www.sciencedirect.com/science/article/pii/0029558261904692",
author = "Sheldon L. Glashow",

}
@article{PhysRevLett.19.1264,
  title = {A Model of Leptons},
  author = {Weinberg, Steven},
  journal = {Phys. Rev. Lett.},
  volume = {19},
  issue = {21},
  pages = {1264--1266},
  numpages = {0},
  year = {1967},
  month = {Nov},
  publisher = {American Physical Society},
  doi = {10.1103/PhysRevLett.19.1264},
  url = {http://link.aps.org/doi/10.1103/PhysRevLett.19.1264}
}

